0                 01WBC       TEST PAYER                654321PAYMENT     130021                                        
1123-456123456789 130000000000Test                                              654-32198765432100000000
7999-999            000000000000000000000000000000                        000001                                        